@manual{signlanguagedefinition2020,
  title  = {Sign language. Encyclopedia Britannica},
  author = {Britannica, T. Editors of Encyclopaedia},
  url    = {https://www.britannica.com/topic/sign-language},
  year   = {2020, November 12}
}

@article{holtz2014reading,
  title={Reading between the signs: Intercultural communication for sign language interpreters},
  author={Holtz, Rolf},
  journal={Journal of International Students},
  volume={4},
  number={1},
  pages={106--108},
  year={2014},
  publisher={Journal of International Students (JIS)}
}

@inproceedings{carreira2017quo,
  title={Quo vadis, action recognition? a new model and the kinetics dataset},
  author={Carreira, Joao and Zisserman, Andrew},
  booktitle={proceedings of the IEEE Conference on Computer Vision and Pattern Recognition},
  pages={6299--6308},
  year={2017}
}

@inproceedings{jiang2021skeleton,
  title={Skeleton aware multi-modal sign language recognition},
  author={Jiang, Songyao and Sun, Bin and Wang, Lichen and Bai, Yue and Li, Kunpeng and Fu, Yun},
  booktitle={Proceedings of the IEEE/CVF Conference on Computer Vision and Pattern Recognition},
  pages={3413--3423},
  year={2021}
}

@article{xiao2020multi,
  title={Multi-information spatial--temporal LSTM fusion continuous sign language neural machine translation},
  author={Xiao, Qinkun and Chang, Xin and Zhang, Xue and Liu, Xing},
  journal={IEEE Access},
  volume={8},
  pages={216718--216728},
  year={2020},
  publisher={IEEE}
}

@inproceedings{li2020word,
  title={Word-level deep sign language recognition from video: A new large-scale dataset and methods comparison},
  author={Li, Dongxu and Rodriguez, Cristian and Yu, Xin and Li, Hongdong},
  booktitle={Proceedings of the IEEE/CVF winter conference on applications of computer vision},
  pages={1459--1469},
  year={2020}
}

@article{lim2019isolated,
  title={Isolated sign language recognition using convolutional neural network hand modelling and hand energy image},
  author={Lim, Kian Ming and Tan, Alan Wee Chiat and Lee, Chin Poo and Tan, Shing Chiang},
  journal={Multimedia Tools and Applications},
  volume={78},
  number={14},
  pages={19917--19944},
  year={2019},
  publisher={Springer}
}

@article{li2018deep,
  title={Deep attention network for joint hand gesture localization and recognition using static RGB-D images},
  author={Li, Yuan and Wang, Xinggang and Liu, Wenyu and Feng, Bin},
  journal={Information Sciences},
  volume={441},
  pages={66--78},
  year={2018},
  publisher={Elsevier}
}

@article{cui2019deep,
  title={A deep neural framework for continuous sign language recognition by iterative training},
  author={Cui, Runpeng and Liu, Hu and Zhang, Changshui},
  journal={IEEE Transactions on Multimedia},
  volume={21},
  number={7},
  pages={1880--1891},
  year={2019},
  publisher={IEEE}
}

@article{mercanoglu2021chalearn,
  title={ChaLearn LAP Large Scale Signer Independent Isolated Sign Language Recognition Challenge: Design, Results and Future Research},
  author={Mercanoglu Sincan, Ozge and Junior, Julio and CS, Jacques and Escalera, Sergio and Yalim Keles, Hacer},
  journal={arXiv e-prints},
  pages={arXiv--2105},
  year={2021}
}